@article{halici_2001,
  title={Reinforcement learning with internal expectation in the random neural networks for cascaded decisions},
  volume={63},
  DOI={10.1016/s0303-2647(01)00144-7},
  number={1-3},
  journal={Biosystems},
  author={Halici,Ugur},
  year={2001},
  pages={21–34}
}

@article{lei_zhang_dong_2018,
  title={Dynamic Path Planning of Unknown Environment Based on Deep Reinforcement Learning},
  volume={2018},
  DOI={10.1155/2018/5781591},
  journal={Journal of Robotics},
  author={Lei,
  Xiaoyun and Zhang,
  Zhian and Dong,
  Peifang},
  year={2018},
  pages={1–10}
}

@article{Mnih_2018,
  author    = {Volodymyr Mnih and
               Adri{\`{a}} Puigdom{\`{e}}nech Badia and
               Mehdi Mirza and
               Alex Graves and
               Timothy P. Lillicrap and
               Tim Harley and
               David Silver and
               Koray Kavukcuoglu},
  title     = {Asynchronous Methods for Deep Reinforcement Learning},
  journal   = {CoRR},
  volume    = {abs/1602.01783},
  year      = {2016},
  url       = {http://arxiv.org/abs/1602.01783},
  archivePrefix = {arXiv},
  eprint    = {1602.01783},
  timestamp = {Mon, 13 Aug 2018 16:47:40 +0200},
  biburl    = {https://dblp.org/rec/bib/journals/corr/MnihBMGLHSK16},
  bibsource = {dblp computer science bibliography, https://dblp.org}
}

@article{tds, title={Applications of Reinforcement Learning in Real World}, url={https://towardsdatascience.com/applications-of-reinforcement-learning-in-real-world
-1a94955bcd12}, journal={Towards Data Science}, publisher={Towards Data Science}, year={2018}, month={Aug}}

@article{deepmind, title={AlphaGo Zero: Learning from scratch}, url={https://deepmind.com/blog/alphago-zero-learning-scratch/}, journal={DeepMind}}

@article{godin, 
title={STAT497 Reinforcement Learning Slides Chapter 1}, 
year= {2019},
journal   = {Concordia University},
author={F. Godin}}